<?xml version="1.0" encoding="UTF-8"?><collection xmlns="http://www.loc.gov/MARC21/slim"><record><leader>00571nam--2200181-i-4500</leader><controlfield tag="001">000038891</controlfield><controlfield tag="002">20161230</controlfield><controlfield tag="005">20161230201042</controlfield><controlfield tag="008">060222s1000------------r-----000-0-fre-d</controlfield><datafield ind1=" " ind2=" " tag="040"><subfield code="a">IFIN-HH</subfield></datafield><datafield ind1=" " ind2=" " tag="041"><subfield code="a">fre</subfield></datafield><datafield ind1=" " ind2=" " tag="080"><subfield code="a">539.2:539.14</subfield></datafield><datafield ind1="1" ind2=" " tag="100"><subfield code="a">Grivet, P</subfield></datafield><datafield ind1="1" ind2="0" tag="245"><subfield code="a">La resonance paramagnetique nucleaire. moments dipolaires et quadripolaires</subfield><subfield code="b">Preface de c.j. gorter</subfield><subfield code="c">(redige sous la direction de) p.grivet</subfield></datafield><datafield ind1=" " ind2=" " tag="260"><subfield code="a">Paris</subfield><subfield code="b">Centre National De La Recherche Scientifique</subfield><subfield code="c">1955</subfield></datafield><datafield ind1=" " ind2=" " tag="300"><subfield code="a">298P</subfield></datafield><datafield ind1=" " ind2=" " tag="852"><subfield code="a">10897</subfield><subfield code="c">539.143.43</subfield></datafield><datafield ind1=" " ind2=" " tag="CAT"><subfield code="a">Sys</subfield><subfield code="c">20120418</subfield><subfield code="h">161136</subfield></datafield></record></collection>